@misc{SiteDisciplina,
  title={Site da Disciplina},
  howpublished={\url{http://cin.ufpe.br/~if675/}},
}
@misc{sistemas,
  title={Wiki da disciplina},
  howpublished={\url{https://cin.ufpe.br/~pet/wiki/Sistemas_Digitais/}},
}
@misc{Slides,
  title={Slides das Aula},
  howpublished={\url{https://cin.ufpe.br/~if675/}},
}
@book{Livro,
  title={Principles of Digital Design},
  author={Gajski, D. D. },
  url={https://books.google.com.br/books/about/Principles_of_Digital_Design.html?id=vBlTAAAAMAAJ&redir_esc=y},
  year={1997},
}
@misc{Imagem,
title={Principles of Digital Design},
url={https://www.amazon.ca/Principles-Digital-Design-Daniel-Gajski/dp/0133011445},
}

