@misc{intro, 
title ={Site da cadeira "Introdução à Biologia Molecular Computacional"},
url= {https://www.cin.ufpe.br/~katiag/cursos/grad/IntrodBiolMolecComput20072NoACESS/},
author = {Katia S. Guimarães}
}

@misc{imagem, 
title ={Imagem Biologia molecular computacional},
url= {https://2.bp.blogspot.com/-IkqsUDBVy_M/Wx3JA03-CBI/AAAAAAAAGZM/JI--dlmd__4D9n4Cw19UTYo6CEAXdQrEQCLcBGAs/s1600/O%2Bque%2B%25C3%25A9%2BBiologia%2BComputacional.jpg},
author = {daaula.net}
}

@misc{importancia, 
title ={Biologia molecular computacional},
url= {https://www.estudopratico.com.br/biologia-computacional/},
author = {Débora Silva}
}

@misc{IF806, 
title ={Site da cadeira "Tópicos Avançados em Bio-Informática"},
url= {https://pet.cin.ufpe.br/wiki/Tópicos_Avançados_em_Bio-Informática_(IF806)},
author = {CInWiki}
}

@misc{IF804, 
title ={Site da cadeira: Comparação e Análise de Seqüências de DNA},
url= {https://www.cin.ufpe.br/~katiag/cursos/20101/IN1101_IF804/welcome.html},
author = { Katia S. Guimarães}
}