@misc{ef,
  author = {Tanmay Sakpal},
  title = {bubble-sort-sorting-algorithm.},
  url = {https://simplesnippets.tech/wp-content/uploads/2019/07/bubble-sort-sorting-algorithm.jpg},
}
@misc{cin,
  author = { Pet CIn UFPE},
  title = {CinWiki-Algoritmos e Estruturas de Dados },
  url = {https://cin.ufpe.br/~pet/wiki/Algoritmos_e_Estruturas_de_Dados},
}

@misc{site,
  author = { IF969 - Algoritmos e Estruturas de Dados},
  title = {IF969 - Algoritmos e Estruturas de Dados },
  url = {https://sites.google.com/a/cin.ufpe.br/if969-aeds-rvimieiro/home},
}