@misc{intro,
 author = {univali},
    title = {Segurança de Sistemas},
    url = {https://www.univali.br/pos/mestrado/mestrado-em-computacao-aplicada/temas-de-pesquisa/seguranca-de-sistemas-computacionais-e-redes-de-computadores/Paginas/default.aspx},
year = {2019}
}


@misc{imagemIntro,
 author = {portugalespanha},
    title = {Segurança de Sistemas},
    url = {https://www.portugalespanha.org/index.php/calendario-agenda/155-protecao-de-dados-pessoais-bases-de-dados-phishing},
year = {2017}
}
@misc{cripto,
 author = {kaspersky},
    title = {Criptografia},
    url = {https://www.kaspersky.com.br/resource-center/definitions/encryption},
year = {2019}
}
@misc{firewall,
 author = {cisco},
    title = {FireWall},
    url = {https://www.cisco.com/c/pt_br/products/security/firewalls/what-is-a-firewall.html},
year = {2019}
}
@misc{imagemCripto,
 author = {solutiresponde},
    title = {Criptografia},
    url = {https://solutiresponde.com.br/criptografia-o-que-e-e-por-que-utiliza-la/},
year = {2019}
}

@misc{imagemFire,
 author = {realprotect},
    title = {Criptografia},
    url = {https://solutiresponde.com.br/criptografia-o-que-e-e-por-que-utiliza-la/},
year = {2019}
}
