@misc{if682,
author={UFPE},
title={Engenharia de Software e Sistemas}, 
url={https://www.cin.ufpe.br/~if682/20111/}, 
year=2011

}
@misc{wikibooks,
author={WikiBooks},
title={O que é Engenharia de Software?},
url={https://pt.wikibooks.org/wiki/Engenharia_de_Software/O_que_%C3%A9_Engenharia_de_Software%3F},
year=2018,

}
@misc{cinWiki,
author={cinWiki},
title={Grade curricular Ciência da Computação},
url={https://cin.ufpe.br/~pet/wiki/Ci%C3%AAncia_da_Computa%C3%A7%C3%A3o},

}