
@misc{imagemSeguranca,
author = {Alexandre Malavasi},
  title = {Imagem de Sistemas de segurança},
  year = 2018,
  url = {{https://miro.medium.com/max/800/0*ql2SEfh5Gg_avDRe.jpg}},
  page = {1},
  urldate = {2019}
}

@misc{criptografia,
author = {Kaspersky Lab},
  title = {Criptografia},
  year = 2019,
  url = {{https://www.kaspersky.com.br/resource-center/definitions/encryption}},
  page = {2},
  urldate = {2019}
}
@misc{enterocistoma,
    author  =    {Profa. Dra. Michelle Silva Wangham},
    title   =     {Introdução a Sistemas de segurança},
    year    =     2018,
    url     =    {https://www.univali.br/pos/mestrado/mestrado-em-computacao-aplicada/temas-de-pesquisa/seguranca-de-sistemas-computacionais-e-redes-de-computadores},
    page    =     {1},
    urldate =     {2019}
 }
 
 @misc{imagemcripto,
    author  =    {E-val},
    title   =     {Imagem criptografia},
    year    =     2019,
    url     =    {https://www.evaltec.com.br/criptografia-de-dados/},
    page    =     {2},
    urldate =     {2019}
 }
