@misc{3machinelearning,
 title={Os Três Tipos de Aprendizado de Máquina},
 author={Hugo Honda, Matheus Facure, Peng Yaohao},
 url={https://lamfo-unb.github.io/2017/07/27/tres-tipos-am/},
 year={2017}
}
@misc{robocin,
 title={Robô aprende a jogar futebol com Aprendizagem por reforço},
 author={Jornal do comércio},
 url={https://jconline.ne10.uol.com.br/canal/economia/pernambuco/noticia/2019/10/31/conheca-o-robo-de-pernambuco-que-aprendeu-a-jogar-futebol-e-vai-para-a-franca-391725.php},
 year={2019}
}
@misc{tesla,
 title={Using Billions of Miles to Train Neural Networks},
 author={Trent Eady},
 url={https://towardsdatascience.com/teslas-deep-learning-at-scale-7eed85b235d3},
 year={2019}
}

@misc{alphago,
 title={Understanding AlphaGo, how AI think and learn },
 author={Shen Huang},
 url={https://towardsdatascience.com/understanding-alphago-how-ai-think-and-learn-1-2-da07d3ec5278},
 year={2019}
}
@misc{neural,
 title={A Gentle Introduction to Neural Networks for Machine Learning},
 author={James Le},
 url={https://www.codementor.io/james_aka_yale/a-gentle-introduction-to-neural-networks-for-machine-learning-hkijvz7lp},
 year={2018}
}

