@misc {intro,
title = {Site oficial da disciplina - "IC", Professor Cleber Zanetti},
url = {http://www.cin.ufpe.br/~if668},
organization={Professor Cleber Zanetti, CIn-UFPE. Site oficial da disciplina}
}

@misc {rel,
title = {"Site oficial de redes de computadores"},
url = {http://www.cin.ufpe.br/~if738/},
organization={Professor Cleber Zanetti, CIn-UFPE.}
}

@misc {revinterd,
title = {Site sobre redes de computadores},
url = {https://pt.wikibooks.org/},
organization ={Site pt.wikibooks }
}

@misc {um,
title = {Site oficial da disciplina IF685, Professor Fernando da Fonseca de Souza},
url = {https://www.cin.ufpe.br/~if685/},
organization={Professor Fernando da Fonseca, CIn-UFPE.}
}

@misc {dois,
title = {"Site da Disciplina IF678", Professor Paulo Gonçalves},
url = {https://www.cin.ufpe.br/~pasg/if678/if678.html},
organization={Site da Disciplina}
}

@misc {tres,
title = {Imagem - Multiplexação-FDM/TDM},
url = {http://www.worknets.com.br/wp-content/uploads/2016/11/muxdemux.jpg},
organization={Imagem(FIGURA 1)}
}