@misc{sitedadisciplina,
author={Cin-UFPE},
title={Site da disciplina},
url={https://www.cin.ufpe.br/~if685/},
year=2017
}
@misc{if685,
  author={CInWiki-PET Informática},
  title={Gerenciamento de Dados e Informação},
  url={https://cin.ufpe.br/~pet/wiki/Gerenciamento_de_dados_e_informação_(IF685)},
  year=2017
}
@misc{gerenciamentodedados,
title = {Gerenciamento de Dados e Informações},
howpublished = {\url{https://dba.com.br/2018/03/monitoramento-de-banco-de-dados-mysql}},
note = {Accessed: 2019-1-23}
}


