
@book {Livro1,
author = "Narciso García, A. C. Damask, Steven Schwarz",
title = "Physics for Computer Science Students: With Emphasis on Atomic and Semiconductor Physics",
year = "1998"
}
@book{Livro2,
author = " David Halliday, Robert Resnick and Jearl Walker",
title = "Fundamentals of Physics",
year = "1960"
}
@misc{FI582,
author = "UFPE",
    title = "Site da disciplina",
    url  = "https://cin.ufpe.br/~pet/wiki/F%C3%ADsica_para_Computa%C3%A7%C3%A3o",
    keywords = "Física, computação"
}
