 @misc{wiki:xxx,
   author = "Wikipédia",
   title = "Teoria dos grafos --- Wikipédia{,} a enciclopédia livre",
   year = "2019",
   url = "\url{https://pt.wikipedia.org/w/index.php?title=Teoria_dos_grafos&oldid=56159907}",
   note = "[Online; accessed 4-novembro-2019]"
 }
  @misc{curriculo,
   author = "ufpe",
   title = "Curriculo",
   year = "2019",
   url = "\url{https://www.ufpe.br/documents/38970/411209/ciencia_computacao_perfil_2002.pdf/09862676-8330-4642-af94-6ec9e8607a62}",
   note = "[Online; accessed 4-novembro-2019]"
 }
  @misc{ wiki:xxh,
   author = "Wikipédia",
   title = "Programacao linear --- Wikipédia{,} a enciclopédia livre",
   year = "2019",
   url = "\url{https://pt.wikipedia.org/wiki/Programacao_linear}",
   note = "[Online; accessed 4-novembro-2019]"
 }