
@misc{grafico,
    title={Gráfico de Distribuição de Poisson},
    year={2019},
    url={\url{https://support.minitab.com/pt-br/minitab/18/help-and-how-to/probability-distributions-and-random-data/supporting-topics/basics/continuous-and-discrete-probability-distributions/}}
}

@misc{ML,
    title={Machine Learning e Estatística},
    year={2019},
    url={\url{https://www.abgconsultoria.com.br/blog/machine-learning-e-a-estatistica/}}
}

@misc{sitedisciplina,
    title={Site da Disciplina},
    year={2019},
    url={\url{https://www.cin.ufpe.br/~et586cc/sobre.html}}
}

@misc{siteeletivas,
    title={Disciplinas relacionadas},
    year={2019},
    url={\url{https://sites.google.com/site/secgradcin/ciencia-da-computacao/horarios-das-disciplinas/eletivas-CC-Atualizado}}
}