@book{pagina,
title={Informática e Sociedade},
author={Profs. Carina Alves e Veronica Teichrieb
},
isbn={9781417642595},
url={https://docs.google.com/presentation/d/1wuPZHmNdHrUHPN2OnCHBKz5GbxwVu3f2PGnntZ0yUeU/edit#slide=id.p3},
year={2019},
publisher={CIn UFPE}
}

@book{Site,
title={Ranking do Youtube de extrema direita},
author={Rodrigo Ghedin},
isbn={9781417642595},
url={https://theintercept.com/2019/08/28/ranking-youtube-extrema-direita/},
year={2019},
publisher={The Intercept}
}

@book{Site2,
title={Informática e Sociedade},
author={Silvio Meira, César França e Bruno Rodrigo},
isbn={9781417642595},
url={https://www.cin.ufpe.br/~if679/},
year={2003},
publisher={CIn UFPE}
}
