d@book{Judith,
  title={Introdução à Multimídia},
  author={Judith Kelner},
  url={https://www.cin.ufpe.br/~if687/},
}
d@book{Imagem1,
    url={https://www.cin.ufpe.br/~if687/imagens/fig5.png},
}
d@book{Imagem2
    url={https://www.cin.ufpe.br/~if687/imagens/fig3.png},
}
