 @misc{interface123disciplina,
 title   ={Interface Usu치rio-M치quina},
 url     ={http://www.cin.ufpe.br/~if681},
 organization={Cin},
 urlaccessdate={05/11/2019}
}
   @misc{interface123,
 title   ={Interface Usu치rio-M치quina Imagem},
 url     ={https://www.des1gnon.com/2013/07/16-dicas-para-uma-boa-interface-de-usuario-ui/},
 organization={Des1gnon},
 urlaccessdate={05/11/2019}
}

 @misc{interface1234353Thinking,
 title   ={Design Thinking Imagem},
 url     ={http://www.sm22.com.br/design-thinking/},
 organization={sm22},
 urlaccessdate={05/11/2019}
}

 @misc{design,
 title   ={Design Imagem},
 url     ={http://www.tccdesign.com.br/ver/341-desenvolvimento-de-briefing-direcionado-a-projetos-de-design-de-interiores},
 organization={TCC Design},
 urlaccessdate={05/11/2019}
}