@misc{repositorioufsc,
  title={Estudo de interface humano-máquina em dispositivos móveis},
  author={Daniel Francisco Ribeiro},
  url={https://repositorio.ufsc.br/bitstream/handle/123456789/184359/TCCDaniel.pdf?sequence=-1&isAllowed=y},
  keywords= "humano-maquina, usuário-máquina"
}
@misc{br-ie,
    title={Metodologia para desenvolvimento de um site com interface
    adaptativa usando redes neurais e a teoria das Inteligências
    Múltiplas},
    author={Andréa Teresa Riccio Barbosa},
    url={https://www.br-ie.org/pub/index.php/sbie/article/view/288/274},
    keywords= "desenvolvimento de interface"
}
@misc{olharcientifico,
    title={Interface de Usuário:
    A Interação Homem-Computador Através dos Tempos},
    author={Igor Aguiar Oliveira},
    url={http://www.olharcientifico.kinghost.net/index.php/olhar/article/view/28/29},
    keyords= "interface homem computador, computador, futuro da interface"
}
@misc{hitec,
    title={Quando utilizar uma IHM de baixo custo em uma automação},
    author={Heber Augusto},
    url={https://www.hitecnologia.com.br/blog/quando-utilizar-uma-ihm-de-baixo-custo-em-uma-automacao/},
    keyords= "homem maquina, UI, IHM"
}
