@misc{ImportanciaMarcel,
    author= "Marcel Almeida",
    title= "A importância do gerenciamento de dados para o sucesso de ações estratégicas nas empresas",
    url= "https://www.sas.com/pt_br/insights/articles/data-management/importancia-do-gerenciamento-de-dados.html",
}
@misc{RicardoBancodeDados,
    author= "Ricardo Rezende",
    title= "Conceitos Fundamentais de Banco de Dados",
    url= "https://www.devmedia.com.br/conceitos-fundamentais-de-banco-de-dados/1649",
}
@misc{CInWiki,
    author= "Centro de Informática - UFPE",
    title= "Ciência da Computação",
    url= "https://cin.ufpe.br/~pet/wiki/Ciência da Computação",
}
@misc{IntersoulBancodeDados,
    author= "INTERSOUL SOLUÇÕES",
    title= "Veja a importância do gerenciamento de um banco de dados na empresa",
    url= "https://www.intersoul.com.br/post/importancia-do-gerenciamento-banco-de-dados",
}
@misc{ImpactaBancodeDados,
    author= "IMPACTA",
    title= "Entenda a importância de um banco de dados em uma organização",
    url= "https://www.impacta.com.br/blog/2017/01/30/entenda-a-importancia-de-um-banco-de-dados-em-uma-organizacao/",
}
@misc{CinGDI,
    author= "Centro de Informática",
    title= "Gerenciamento de Dados e Informação",
    url= "http://www.cin.ufpe.br/~if685/",
}