@book{CInWiki,
  title={Rdes Neurais CInWiki},
  author={contribuidores da wiki CInWiki},
  isbn={754},
  url={https://cin.ufpe.br/~pet/wiki/index.php?title=Redes_Neurais&oldid=754},
  year={2014},
  publisher={CInWiki}
}


@book{GCV,
  title={Germano Vasconcelos},
  author={Germano Vasconcelos},
  url={https://www.cin.ufpe.br/~gcv/index.html},
  year={2016},
  publisher={Germano Vasconcelos}
}


@book{Disciplina,
  title={Disciplina Redes Neurais},
  author={Germano Vasconcelos},
  url={https://www.cin.ufpe.br/~gcv/web_lci/intro.html},
  publisher={Germano Vasconcelos}
}

@misc{RedesNeurais,
    author = {{CHRISTINE WIEDERER}},
    title = {{Figure 1: Redes Neurais}},
    url={https://imasters.com.br/desenvolvimento/redes-neurais-em-javascript},
    note = {Online; acessado no dia 18 de novembro de 2019} 
    }

@MISC{RedesNeurais2,
  author={Estudio Villanueva},
  title={Figure 2: Redes Neurais},
  url={https://www.estudiovillanueva.com/sin-categoria/redes-sociales-una-moda-nadie-lo-sabe-no-participar-ellas-le-puede-resultar-caro-cualquier-empresa/}
}
