@misc{sitepet,
  author = {Pet CIn UFPE},
  title={Informática e Sociedade - CInWiki},
  year = 2017,
  url={{https://cin.ufpe.br/~pet/wiki/Informática_e_Sociedade}},
  urldate = {2019-11-02}
}
@misc{perfil,
  author = {Pro-Reitora UFPE},
  title = {Relatório Perfil Curricular },
  year = 2013,
  url = {{https://www.ufpe.br/documents/38970/411209/ciencia_computacao_perfil_2002.pdf/09862676-8330-4642-af94-6ec9e8607a62/}},
  urldate = {2019-11-03}
}
@misc{drone,
  author = {Desenvolvimento Rural},
  title = {Drone Agrícula},
  year = 2018,
  url ={{https://desenvolvimentorural.com/drone-agricola/}},
  urldate = {2019-11-03}
}