@article{eniac,
    title = {ENIAC},
    author = {Wikipedia},
    url = {https://pt.wikipedia.org/wiki/ENIAC},
    year = {2019}
}

@article{oglobo2019supremacia,
  title={Google anuncia superação da 'supremacia quântica'},
  author={Matsuura, S.},
  url={https://oglobo.globo.com/economia/tecnologia/google-anuncia-superacao-da-supremacia-quantica-24036546},
  year = {2019},
  publisher={O Globo}
}
@article{billgates,
    author={nos Estados Unidos, Bill Gates em palestra na Universidade de Illinois},
    url={https://www.tecmundo.com.br/internet/3145-frases-impactantes-sobre-tecnologia-e-informatica.html},
    year = {2004}
}
