
@web{ufpe,
title={Universidade Federal de Pernambuco},
author={Renato Mota},
url={https://www3.ufpe.br/agencia/clipping/index.php?option=com_content&view=article&id=16177:projetao-da-ufpe-vira-aplicativo-no-mercado&catid=55&Itemid=122}

}

@web{siteDaDisciplina,
title={A diciplina | projetão},
author={,André Neves,Cristiano Coêlho de Araújo ,Geber Ramalho,},
url={https://projetaoufpe.wixsite.com/projetao/a-disciplina}

}
@article{ArtigoLais,
title={In Loco Media: Conheça a história},
author={Laís Grilletti},
url={https://endeavor.org.br/desenvolvimento-pessoal/de-recife-para-o-mundo-como-um-projeto-de-faculdade-se-transformou-em-uma-tecnologia-de-impacto-global/},
year={2017},
publisher={Endeavor}
}
@web{sitProjetao,
title={Projetao UFPE},
url={https://projetao.ranoya.com/},
year={2017},
}