@book{salen2004rules,
  title={Rules of play: Game design fundamentals},
  author={Salen, Katie and Tekinba{\c{s}}, Katie Salen and Zimmerman, Eric},
  year={2004},
  publisher={MIT press}
}
@article{kostertheory,
  title={Theory of Fun for Game Design. 2004},
  author={Koster, Raph and Wright, W},
  journal={Scottsdale, AZ: Paraglyph Press. x}
}
@book{rollings1999game,
  title={Game Architecture and Design with Cdrom},
  author={Rollings, Andrew and Morris, Dave},
  year={1999},
  publisher={Coriolis Group Books}
}
