@misc{castroClass,
    title = "Paradigma de Linguagens Computacionais",
    author = "CASTOR, Fernando",
    url = "https://docs.google.com/a/cin.ufpe.br/viewer?a=v&pid=sites&srcid=Y2luLnVmcGUuYnJ8aWY2ODZlY3xneDoxMDMzZmJmNjViNjBjZDUw"
}

@misc{cornelioLattes,
    title = "Currículo Lattes",
    author = "CORNÉLIO, M. L.",
    url  = "http://lattes.cnpq.br/3776948564582273"
}

@misc{rebeloLattes,
    title = "Currículo Lattes",
    author = "REBELO, Henrique",
    url = "http://lattes.cnpq.br/2340616806258461"
}

@misc{santosLattes,
    title = "Currículo Lattes",
    author = "SANTOS, A. L. M.",
    url = "http://lattes.cnpq.br/0084300900034108"
}

@misc{ccClassPage,
    title = "Paradigmas de Linguagens Computacionais (Ciência da Computação)",
    author = "CIn UFPE",
    url = "https://sites.google.com/a/cin.ufpe.br/if686/"
}

@misc{ecClassPage,
    title = "Paradigmas de Linguagens Computacionais (Engenharia da Computação)",
    author = "CIn UFPE",
    url = "https://sites.google.com/a/cin.ufpe.br/if686ec/home"
}