
@online{pgDisciplina,
  author = {CIn UFPE},
  title = {Página da disciplina Lógica para Computação, CIn, UFPE},
  year = 2017,
  url = {{https://cin.ufpe.br/~if673/}},
  urldate = {2019-10-30}
}
@online{pgLogica,
  author = {Prof.Dr.Avelino Zorzo},
  title = {Faculdade de Informática, PUCRS},
  year = 2008,
  url = {https://www.inf.pucrs.br/~zorzo/logica/},
  urldate = {2019-10-30}
}
@online{imgTuring,
  author = {O jogo da imitação},
  title = {Imagem Maquina de Turing},
  year = 2015,
  url = {https://bitaites.org/wp-content/uploads/2017/07/o-enigma-do-genial-alan-turing-4.jpg},
  urldate = {2019-10-30}
}
@online{logicaWiki,
  author = {Wikipedia},
  title = {Lógica em ciência da computação},
  year =  {página foi editada pela última vez em 14 de outubro de 2019},
  url = {https://pt.wikipedia.org/wiki/L%C3%B3gica_em_ci%C3%AAncia_da_computa%C3%A7%C3%A3o},
  urldate = {2019-10-04}
}
