@book{profonurmutulo,
  title={Spring 14, Lecture 2},
  author={Onur Mutlu},
  url={http://www.archive.ece.cmu.edu/~ece447/s13/lib/exe/fetch.php?media=onur-447-spring13-lecture2-isa.pdf},
  year={2014},
  publisher={The Hong Kong University of Science and Technology}
}

@book{org,
title = {Arquitetura e Oranização de computadores},
author={David A. Patterson, John L. Hennessy},
url={https://www.academia.edu/29853525/Arquitetura_de_Computadores_-_Uma_Abordagem_Quantitativa_-_David_A._Patterson_e_John_L._Hennessy},
year={2014},
publisher= {Morgan Kaufmann}
}
@book{img,
    tittle = {adlp-523x454},
    author = {Patterson 4 Edition},
    url = {https://www.academia.edu/29853525/Arquitetura_de_Computadores_-_Uma_Abordagem_Quantitativa_-_David_A._Patterson_e_John_L._Hennessy},
    year = {2014}
    

}
