@misc {FotoAgeis,
    author = {Paulo soares},
    title = {Engenharia de Software e Métodos Ágeis},
    url = {https://industria4-0.com/industria-4-0-engenharia-de-software-e-metodos-ageis-video6/},
yaer = {2019}
}
@book{Sommerville,
  title={Engenharia de Software},
  author={Sommerville, Ian},
  isbn={9781417642595},
  url={https://www.di.ubi.pt/~sebastiao/Ensino/UBI/2017-2018/ES/ApoioEstudo/Engenharia_Software_3Edicao.pdf},
  year={2011},
  publisher={Aline Marques}
}
