@book{arthursamuel,
  title={Some Studies in Machine Learning
Using the Game of Checkers},
  author={Samuel, A. L.},
  isbn={0018-8646},
  url={http://citeseerx.ist.psu.edu/viewdoc/download?doi=10.1.1.368.2254&rep=rep1&type=pdf},
  year={1959},
  publisher={IBM}
}
@misc{isitics,
  author = "Instituto de Inovação SENAI",
  title = "Principais sub divisões e aplicabilidade da aprendizagem de máquina",
  url = "https://isitics.com/2018/05/10/principais-sub-divisoes-e-aplicabilidade-da-aprendizagem-de-maquina/",
  keywords = "aprendizagem de maquina"
}
@misc{aplicacao,
  author = "Data Science Academy",
  title = "17 Casos de Uso de Machine Learning",
  url = "http://datascienceacademy.com.br/blog/17-casos-de-uso-de-machine-learning/",
  keywords = "aplicações de machine learning"
}
@misc{medico,
  author = "Tiago Magnus",
  title = "Machine Learning na saúde: conheça essa revolução",
  url = "https://blog.iclinic.com.br/machine-learning-na-saude-conheca-essa-revolucao/",
  keywords = "aplicações de machine learning"
}
@misc{probs,
  author = "Javaid Nabi",
  title = "Machine Learning — Probability and Statistics",
  url = "https://towardsdatascience.com/machine-learning-probability-statistics-f830f8c09326",
  keywords = "probabilidade e estatistica, machine learning"
}