
@misc{link1,
title = {Protocolos de Rede},
author = {Andrei L.},
howpublished = {\url{https://www.weblink.com.br/blog/tecnologia/conheca-os-principais-protocolos-de-internet}}
}
@misc{link2,
title = {Modelo {OSI}},
Author = {Willians R.},
howpublished = {\url{https://www.vivaolinux.com.br/artigo/Redes-Modelos-de-Referencia-suas-Camadas-e-seus-Protocolos?pagina=2}}
}
@misc{link3,
title = {Modelo {TCP/IP}},
author = {Rodrigo R.},
howpublished = {\url{http://infotecnews.com.br/modelo-tcpip/}}
}
@misc{imagem1,
title = {Computer {Network}},
howpublished = {\url{https://www.telephone-systems.com.au/wp-content/uploads/2019/03/Computer-Network-1024x768.jpg}}
}
@misc{link4,
title = {Import√¢ncia das {Redes de Computadores}},
author = {{SI T}ecnologia},
howpublished = {\url{http://sitecnologia.com.br/blog/importancia-das-redes-de-computador-em-diversos-segmentos-da-sociedade/}}
}
@misc{link5,
title = {O que precisa saber para trabalhar com {Redes de Computadores}},
author = {Blog {Impacta}},
howpublished = {\url{https://www.impacta.com.br/blog/2018/12/10/entenda-o-que-e-preciso-saber-para-trabalhar-com-redes-de-computadores}}
}

