@online{imagem,
title = {Imagem componentes de hardware},
url = {https://www.cursosdeinformaticabasica.com.br/wp-content/uploads/2019/07/hardware.jpg}
}
@book{david2017,
  title={Computer Organization and Design RISC-V Edition},
  author={David Patterson, John L. Hennessy},
  year={2017},
  publisher={Morgan Kaufmann}
}
@book{william2009,
  title={Game Architecture and Design with Cdrom},
  author={William Stallings},
  year={2009},
  publisher={Pearson}
}