@misc{arq2019,
 title   ={Realidade virtual na arquitetura: como ela vem sendo usada?},
 url     ={https://archtrends.com/blog/realidade-virtual-na-arquitetura/},
 organization={Archtrends Portobello},
 urlaccessdate={03 nov. 2019}
}
@misc{med2019,
 title   ={Quais são as aplicações da Realidade virtual na medicina?},
 url     ={https://blog.iclinic.com.br/realidade-virtual-na-medicina/},
 organization={iClinic},
 urlaccessdate={03 nov. 2019}
}

@misc{fob2019,
 title   ={Realidade virtual auxilia no tratamento de fobias.},
 url     ={https://www.altoastral.com.br/realidade-virtual-tratar-fobias-2/},
 organization={alto astral},
 urlaccessdate={03 nov. 2019}
}
