@misc{Intro,
  title="IF803 - Introdução à Biologia Molecular Computacional",
  author="CIn/UFPE",
  url="https://cin.ufpe.br/~if803/",
  keywords="biologia, molecular, computacional"
}
@misc{Img1,
    title="Biologia Molecular Computacional",
    author="unknown",
    url = "https://www.biomedicinapadrao.com.br/2017/08/a-biomedicina-na-bioinformatica.html",
    keywords="imagem, ilustrativa, biologia"
}
@misc{Relevancia,
    title="Programação de aulas - IF803 - Introdução à Biologia Molecular Computacional",
    author="Profa. Kátia Guimarães",
    url="https://www.cin.ufpe.br/~katiag/cursos/grad/IntrodBiolMolecComput20072NoACESS/programacAulas.htm",
    keywords="genoma, humano, biologia"
}
@misc{Relacao,
title="CIn Wiki",
author= "PET Informática",
url ="https://cin.ufpe.br/~pet/wiki/",
keywords="relação, programção, algorimos"
}