  @misc{ wiki:xxx,
   author = "Wikipédia",
   title = "Sóstenes Lins --- Wikipédia{,} a enciclopédia livre",
   year = "2019",
   url = "\url{https://pt.wikipedia.org/w/index.php?title=S%C3%B3stenes_Lins&oldid=54341714}",
   note = "[Online; accessed 21-fevereiro-2019]"
 }
 @misc{ img:graph,
 author = "mardizone",
 title = "Graph Theory | Quantdare",
 year = "2016",
 url = "\url{https://quantdare.com/graph-theory-finance/graph-theory/}",
 
 }
  @misc{ wiki:xxa,
   author = "Wikipédia",
   title = "Algoritmo de Dijkstra --- Wikipédia{,} a enciclopédia livre",
   year = "2019",
   url = "\url{https://pt.wikipedia.org/w/index.php?title=Algoritmo_de_Dijkstra&oldid=56620455}",
   note = "[Online; accessed 2-novembro-2019]"
 }
  @misc{ wiki:xxb,
   author = "Wikipédia",
   title = "Algoritmo de Bellman-Ford --- Wikipédia{,} a enciclopédia livre",
   year = "2019",
   url = "\url{https://pt.wikipedia.org/w/index.php?title=Algoritmo_de_Bellman-Ford&oldid=55562162}",
   note = "[Online; accessed 24-junho-2019]"
 }
  @misc{ wiki:xxc,
   author = "Wikipédia",
   title = "Backtracking --- Wikipédia{,} a enciclopédia livre",
   year = "2019",
   url = "\url{https://pt.wikipedia.org/w/index.php?title=Backtracking&oldid=55337975}",
   note = "[Online; accessed 30-maio-2019]"
 }