@misc{imagem,
  title = {Sistema Digital},
  howpublished = {\url{https://upload.wikimedia.org/wikipedia/commons/thumb/a/a9/Full-adder.svg/550px-Full-adder.svg.png}},
  note = {Acessado: 2019-10-31}
}
@book{livro1,
  title={ Principles of Digital Design},
  author={Gajski, Daniel D},
  year={1997},
  publisher={Prentice Hall},
  edition=1
}
@book{livro2,
  title={ Introduções aos Sistemas Digitais},
  author={Ercegovac, Milos and Lang, Tomas and Moreno, Jaime H},
  year={1998},
  publisher={Bookman},
  edition=1
}
@book{livro3,
  title={ Contemporary Logic Design},
  author={ Katz, Randy H},
  year={1993},
  publisher={The Benjamin/Cummings  Publishing Company},
  edition=1
}
@book{livro4,
  title={ Introduction to Computer Engeneering - Hardware and Software Design},
  author={ Booth, Taylor L},
  year={1984},
  publisher={John Wiley & Sons},
  edition=3
}
@book{livro5,
  title={ Circuitos Digitais e Microprocessadores},
  author={ Taub, Hebert},
  year={1984},
  publisher={MacGraw-Hill},
  edition=1
}