@misc{chamada1,
 title   ={O que é infraestrutura de software},
 url     ={https://www.hpe.com/br/pt/what-is/software-defined-infrastructure.html},
 organization={Hewlett Packard Enterprise},
 urlaccessdate={04 nov. 2019}
}
@misc{chamada2,
 title   ={Apresentação CIn - UFPE},
 url     ={https://www.cin.ufpe.br/~cagf/if677/2016-1/slides/01_apresentacao.pdf},
 organization={CIn-UFPE},
 urlaccessdate={04 nov. 2019}
}

@misc{chamada3,
 title   ={SlideShare o que é infraestrutura de software},
 url     ={https://pt.slideshare.net/rodrigomuribec/infraestrutura-de-software-introduo},
 organization={Slide Share},
 urlaccessdate={04 nov. 2019}
}
@misc{chamada4,
 title   ={Imagem},
 url     ={https://www.google.com/url?sa=i&source=images&cd=&ved=2ahUKEwjmqdjG2NPlAhXYIbkGHUTvDj0QjRx6BAgBEAQ&url=https%3A%2F%2Fdocmanagement.com.br%2F07%2F06%2F2012%2Ffujitsu-incrementa-suite-de-softwares-de-gerenciamento-de-infraestrutura-de-ti%2F&psig=AOvVaw1UvR0qclN4PCQnhPDZR5wy&ust=1573064611308642},
 organization={Instituto Information Management},
 urlaccessdate={04 nov. 2019}
}
