
@article{VANSTEE2004535,
title = "An approximation algorithm for square packing",
journal = "Operations Research Letters",
volume = "32",
number = "6",
pages = "535 - 539",
year = "2004",
issn = "0167-6377",
doi = "https://doi.org/10.1016/j.orl.2004.02.003",
url = "http://www.sciencedirect.com/science/article/pii/S0167637704000367",
author = "Rob van Stee",
keywords = "Bin packing, Square packing, Approximation algorithm, Absolute worst-case ratio",
abstract = "We consider the problem of packing squares into bins which are unit squares, where the goal is to minimize the number of bins used. We present an algorithm for this problem with an absolute worst-case ratio of 2, which is optimal provided Pâ‰ NP."
}
@misc{Algoritmo,
title = "ApproxTSP4.png",
year = "2015",
author = "York College",
url = "http://ycpcs.github.io/cs360-spring2015/lectures/lecture29.html",
urldate = {2019-11-03},
keywords = "algorithm"
}
@misc{wikipedia,
title = "Approximation algorithm",
year = "2019",
author = "Wikipedia community",
url = "https://en.wikipedia.org/wiki/Approximation_algorithm",
urldate = {2019-11-03},
keywords = "algorithm"
}
