@misc{drive,
author = {Cleber Zanchettin},
title = {Inteligência Computacional},
url = {https://drive.google.com/file/d/1L2mdO4W88Y3RO2Axq3Q9NJsCWDtueZZu/view},
}


@misc{cadeira,
author = {Universidade Federal de Pernambuco},
title = {Sistemas Inteligentes},
url = {https://cin.ufpe.br/~if684/},
}

@misc{arvore,
author = {Stephanie Yee e Tony Chu},
title = {Uma Introducao Visual ao Aprendizado de Maquina},
url = {http://www.r2d3.us/uma-introducao-visual-ao-aprendizado-de-maquina-1/},
}

@misc{maquina,
author = {Universidade Federal de Pernambuco},
title = {Aprendizagem de Máquina},
url = {https://sites.google.com/site/aprendizagemmaquina/},
}

@misc{1,
author={Bernardo Reis},
title={Introdução As Redes Neurais},
url={http://www.decom.ufop.br/imobilis/redes-neurais-introcucao/},
}

@misc{2,
author={IT Insight},
title={Inteligência Artificial supera o cérebro humano no reconhecimento de escrita manual},
url={https://www.itinsight.pt/news/operacao/inteligencia-artificial-supera-o-cerebro-humano-no-reconhecimento-de-escrita-manual},
}